@article{orduna2011estudio,
	title={Estudio gramatical de las locuciones verbales con doble pronombre cl{\'\i}tico},
	author={Ordu{\~n}a L{\'o}pez, Jos{\'e} Luis},
	journal={RLA. Revista de ling{\"u}{\'\i}stica te{\'o}rica y aplicada},
	volume={49},
	number={2},
	pages={87--110},
	year={2011},
	publisher={Universidad de Concepci{\'o}n. Facultad de Humanidades y Arte}
}

@article{chomsky1956three,
	title={Three models for the description of language},
	author={Chomsky, Noam},
	journal={IRE Transactions on information theory},
	volume={2},
	number={3},
	pages={113--124},
	year={1956},
	publisher={IEEE}
}

@article{harris1954distributional,
	title={Distributional structure},
	author={Harris, Zellig S},
	journal={Word},
	volume={10},
	number={2-3},
	pages={146--162},
	year={1954},
	publisher={Taylor \& Francis}
}

@article{sahlgren2008distributional,
	title={The distributional hypothesis},
	author={Sahlgren, Magnus},
	journal={Italian Journal of Disability Studies},
	volume={20},
	pages={33--53},
	year={2008}
}

@article{mikolov2013efficient,
	title={Efficient estimation of word representations in vector space},
	author={Mikolov, Tomas and Chen, Kai and Corrado, Greg and Dean, Jeffrey},
	journal={arXiv preprint arXiv:1301.3781},
	year={2013}
}

@article{otero1975terminologia,
	title={Terminolog{\'i}a y teor{\'i}a gramatical},
	author={Otero, Carlos-Peregrin},
	journal={Verba 2},
	pages={13--38},
	year={1975}
}

@article{clark2011text,
	title={Text normalization in social media: progress, problems and applications for a pre-processing system of casual English},
	author={Clark, Eleanor and Araki, Kenji},
	journal={Procedia-Social and Behavioral Sciences},
	volume={27},
	pages={2--11},
	year={2011},
	publisher={Elsevier}
}

@article{hladek2020survey,
	title={Survey of Automatic Spelling Correction},
	author={Hl{\'a}dek, Daniel and Sta{\v{s}}, J{\'a}n and Pleva, Mat{\'u}{\v{s}}},
	journal={Electronics},
	volume={9},
	number={10},
	pages={1670},
	year={2020},
	publisher={Multidisciplinary Digital Publishing Institute}
}

@article{melero2016selection,
	title={Selection of correction candidates for the normalization of Spanish user generated content},
	author={Melero, Maite and Ruiz Costa-Juss{\`a}, Marta and Lambert, Patrik and Quixal, Mart{\'\i}},
	journal={Natural language engineering},
	volume={22},
	number={01},
	pages={135--161},
	year={2016}
}

@article{damerau1964technique,
	title={A technique for computer detection and correction of spelling errors},
	author={Damerau, Fred J},
	journal={Communications of the ACM},
	volume={7},
	number={3},
	pages={171--176},
	year={1964},
	publisher={ACM New York, NY, USA}
}

@article{flouri2015longest,
	title={Longest common substrings with k mismatches},
	author={Flouri, Tom{\'a}s and Giaquinta, Emanuele and Kobert, Kassian and Ukkonen, Esko},
	journal={Information Processing Letters},
	volume={115},
	number={6-8},
	pages={643--647},
	year={2015},
	publisher={Elsevier}
}

@article{small2011hashtag,
	title={What the hashtag? A content analysis of Canadian politics on Twitter},
	author={Small, Tamara A},
	journal={Information, communication \& society},
	volume={14},
	number={6},
	pages={872--895},
	year={2011},
	publisher={Taylor \& Francis}
}

@article{rong2014word2vec,
	title={word2vec parameter learning explained},
	author={Rong, Xin},
	journal={arXiv preprint arXiv:1411.2738},
	year={2014}
}

@article{bellegarda2016state,
	title={State of the art in statistical methods for language and speech processing},
	author={Bellegarda, Jerome R and Monz, Christof},
	journal={Computer Speech \& Language},
	volume={35},
	pages={163--184},
	year={2016},
	publisher={Elsevier}
}

@article{mikolov2013distributed,
	title={Distributed representations of words and phrases and their compositionality},
	author={Mikolov, Tomas and Sutskever, Ilya and Chen, Kai and Corrado, Greg and Dean, Jeffrey},
	journal={arXiv preprint arXiv:1310.4546},
	year={2013}
}

@article{goldberg2014word2vec,
	title={word2vec Explained: deriving Mikolov et al.'s negative-sampling word-embedding method},
	author={Goldberg, Yoav and Levy, Omer},
	journal={arXiv preprint arXiv:1402.3722},
	year={2014}
}

@article{shi2014linking,
	title={Linking GloVe with word2vec},
	author={Shi, Tianze and Liu, Zhiyuan},
	journal={arXiv preprint arXiv:1411.5595},
	year={2014}
}

@article{hernandez2013automatic,
	title={Automatic syllabification for Spanish using lemmatization and derivation to solve the prefixâ€™s prominence issue},
	author={Hern{\'a}ndez-Figueroa, Zen{\'o}n and Carreras-Riudavets, Francisco J and Rodr{\'\i}guez-Rodr{\'\i}guez, Gustavo},
	journal={Expert systems with applications},
	volume={40},
	number={17},
	pages={7122--7131},
	year={2013},
	publisher={Elsevier}
}

@article{teachingcovid,
	author = {Jeanne Allen and Leonie Rowan and Parlo Singh},
	title = {Teaching and teacher education in the time of COVID-19},
	journal = {Asia-Pacific Journal of Teacher Education},
	volume = {48},
	number = {3},
	pages = {233-236},
	year  = {2020},
	publisher = {Routledge},
	doi = {10.1080/1359866X.2020.1752051}	
}

@article{henderson2017not,
	title={Not in employment, education or training: Mental health, substance use, and disengagement in a multi-sectoral sample of service-seeking Canadian youth},
	author={Henderson, Joanna L and Hawke, Lisa D and Chaim, Gloria and Network, National Youth Screening Project},
	journal={Children and Youth Services Review},
	volume={75},
	pages={138--145},
	year={2017},
	publisher={Elsevier}
}


@book{chomsky2004estructuras,
	title={Estructuras sint{\'a}cticas},
	author={Chomsky, Noam},
	year={1974},
	publisher={Siglo xxi}
}

@book{chomsky1979sintactica,
	title={Sint{\'a}ctica y sem{\'a}ntica en la gram{\'a}tica generativa},
	author={Chomsky, Noam},
	year={1979},
	publisher={Siglo xxi}
}

@book{cohen1991introduction,
	title={Introduction to computer theory},
	author={Cohen, Daniel},
	volume={2},
	year={1991},
	publisher={Wiley New York}
}

@book{allerton1979essentials,
	title={Essentials of Grammatical Theory. A Consensus View of Syntax and Morphology},
	author={Allerton, D. J.},
	year={1979},
	publisher={ROUTLEDGE}
}

@book{chomsky1997problemas,
	title={Problemas actuales en teor{\'\i}a ling{\"u}{\'\i}stica: temas te{\'o}ricos de gram{\'a}tica generativa},
	author={Chomsky, Noam},
	year={1977},
	publisher={Siglo xxi}
}

@book{goyvaerts2012regular,
	title={Regular Expressions Cookbook: Detailed Solutions in Eight Programming Languages},
	author={Goyvaerts, J. and Levithan, S.},
	isbn={9781449327491},
	url={https://books.google.com.mx/books?id=dgyODwAAQBAJ},
	year={2012},
	publisher={O'Reilly Media}
}


@book{lopez2014mastering,
	title={Mastering Python Regular Expressions},
	author={L{\'o}pez, F{\'e}lix and Romero, V{\'\i}ctor},
	year={2014},
	publisher={Packt Publishing Ltd}
}

@book{waggener1995pulse,
	title={Pulse code modulation techniques},
	author={Waggener, Bill and Waggener, William N and Waggener, William M},
	year={1995},
	publisher={Springer Science \& Business Media}
}

@book{nouvel2016named,
	title={Named entities for computational linguistics},
	author={Nouvel, Damien and Ehrmann, Maud and Rosset, Sophie},
	year={2016},
	publisher={Wiley Online Library}
}

@book{ross2014introduction,
	title={Introduction to probability models},
	author={Ross, Sheldon M},
	year={2014},
	publisher={Academic press}
}

@book{bruce2020practical,
	title={Practical Statistics for Data Scientists: 50+ Essential Concepts Using R and Python},
	author={Bruce, Peter and Bruce, Andrew and Gedeck, Peter},
	year={2020},
	publisher={O'Reilly Media}
}

@book{munkres2000topolgy,
	title={Topology},
	author={Munkres, James R.},
	year={2000},
	publisher={Prentice-Hall}
}

@book{chapagain2019hands,
	title={Hands-On Web Scraping with Python: Perform advanced scraping operations using various Python libraries and tools such as Selenium, Regex, and others},
	author={Chapagain, Anish},
	year={2019},
	publisher={Packt}
}

@book{hualde2013sonidos,
	title={Los sonidos del espa{\~n}ol: Spanish Language edition},
	author={Hualde, Jos{\'e} Ignacio},
	year={2013},
	publisher={Cambridge University Press}
}

@book{srinivasa2018natural,
	title={Natural Language Processing and Computational Linguistics: A practical guide to text analysis with Python, Gensim, spaCy, and Keras},
	author={Srinivasa-Desikan, Bhargav},
	year={2018},
	publisher={Packt Publishing Ltd}
}

@book{khan2017build,
	title={Build Better Chatbots: A Complete Guide to Getting Started with Chatbots},
	author={Khan, R. and Das, A.},
	isbn={9781484231111},
	url={https://books.google.com.mx/books?id=2zdDDwAAQBAJ},
	year={2017},
	publisher={Apress}
}


@incollection{norvig209natural,
	author={Norvig, Peter},
	title={Natural Language Corpus Data},
	editor={Segaran, Toby and Hammerbacher, Jeff},
	booktitle={Beautiful Data},
	publisher={O'Reilly},
	address={EEUU},
	year={2009},
	pages={219--242},
	chapter={14}
}

@incollection{sutton2019introduction,
	author={Sutton, Charles and McCallum, Andrew},
	title={An Introduction to Conditional Random Fields for Relational Learning},
	editor={Getoor, Lise and Taskar, Ben},
	booktitle={Introduction to Statistical Relational Learning},
	publisher={MIT Press},
	address={EEUU},
	year={2019},
	pages={93--128},
	chapter={4}
}

@incollection{rojas1996backpropagation,
	title={The backpropagation algorithm},
	author={Rojas, Raul},
	booktitle={Neural networks},
	pages={149--182},
	year={1996},
	publisher={Springer}
}

@inproceedings{brants2007large,
	title = {Large Language Models in Machine Translation},
	author = {Brants, Thorsten  and
	Popat, Ashok C.  and
	Xu, Peng  and
	Och, Franz J.  and
	Dean, Jeffrey},
	booktitle = {Proceedings of the 2007 Joint Conference on Empirical Methods in Natural Language Processing and Computational Natural Language Learning ({EMNLP}-{C}o{NLL})},
	month = {jun},
	year = {2007},
	address = {Prague, Czech Republic},
	publisher = {Association for Computational Linguistics},
	pages = {858--867},
}

@inproceedings{billal2016efficient,
	title={Efficient natural language pre-processing for analyzing large data sets},
	author={Billal, Belainine and Fonseca, Alexsandro and Sadat, Fatiha},
	booktitle={2016 IEEE International Conference on Big Data (Big Data)},
	pages={3864--3871},
	year={2016},
	organization={IEEE}
}

@inproceedings{hassan2013social,
	title={Social text normalization using contextual graph random walks},
	author={Hassan, Hany and Menezes, Arul},
	booktitle={Proceedings of the 51st Annual Meeting of the Association for Computational Linguistics (Volume 1: Long Papers)},
	pages={1577--1586},
	year={2013}
}

@inproceedings{levenshtein1966binary,
	title={Binary codes capable of correcting deletions, insertions, and reversals},
	author={Levenshtein, Vladimir I},
	booktitle={Soviet physics doklady},
	volume={10},
	number={8},
	pages={707--710},
	year={1966},
	organization={Soviet Union}
}

@inproceedings{pennington2014glove,
	title={Glove: Global vectors for word representation},
	author={Pennington, Jeffrey and Socher, Richard and Manning, Christopher D},
	booktitle={Proceedings of the 2014 conference on empirical methods in natural language processing (EMNLP)},
	pages={1532--1543},
	year={2014}
}

@inproceedings{morin2005hierarchical,
	title={Hierarchical probabilistic neural network language model.},
	author={Morin, Frederic and Bengio, Yoshua},
	booktitle={Aistats},
	volume={5},
	pages={246--252},
	year={2005},
	organization={Citeseer}
}

@inproceedings{fox1989stop,
	title={A stop list for general text},
	author={Fox, Christopher},
	booktitle={Acm sigir forum},
	volume={24},
	number={1-2},
	pages={19--21},
	year={1989},
	organization={ACM New York, NY, USA}
}

@inproceedings{manning2014stanford,
	title={The Stanford CoreNLP natural language processing toolkit},
	author={Manning, Christopher D and Surdeanu, Mihai and Bauer, John and Finkel, Jenny Rose and Bethard, Steven and McClosky, David},
	booktitle={Proceedings of 52nd annual meeting of the association for computational linguistics: system demonstrations},
	pages={55--60},
	year={2014}
}

@inproceedings{gai2014bidirectional,
	title={Bidirectional maximal matching word segmentation algorithm with rules},
	author={Gai, Rong Li and Gao, Fei and Duan, Li Ming and Sun, Xiao Hui and Li, Hong Zheng},
	booktitle={Advanced Materials Research},
	volume={926},
	pages={3368--3372},
	year={2014},
	organization={Trans Tech Publ}
}

@mastersthesis{cano2019segmentacion,
	author = {Cano-Felix, Oscar},
	pages = {94},
	school = {Universidad Aut{\'o}noma de Quer{\'e}taro},
	title = {Identificaci{\'o}n de unidades l{\'e}xicas y sint{\'a}cticas de texto informal en espa\~nol} ,
	year = {2019}
}

@misc{crearae,
	author = {{Real Academia EspaÃ±ola: Banco de datos (CREA)}},
	title = {Corpus de referencia del espaÃ±ol acutal},
	year ={2008},
	howpublished={\url{http://www.rae.es}},
	note = {Accesado: 2021-01-14}
}

@misc{stopwords_es,
	author = {{genediazjr}},
	title = {Spanish stopwords collection},
	year ={2016},
	howpublished={\url{https://github.com/stopwords-iso/stopwords-es}},
	note = {Accesado: 2018-04-12}
}

@misc{twitterdev,
	author = {{Twitter, Inc.}},
	title = {Twitter for developers},
	year ={2021},
	howpublished={\url{https://developer.twitter.com/en}},
	note = {Accesado: 2017-10-29}
}

@misc{tweepy,
	author = {{hammon38}},
	title = {Tweepy},
	year ={2021},
	howpublished={\url{https://www.tweepy.org/}},
	note = {Accesado: 2021-01-14}
}

@misc{coviddocentes,
	author = {NÃ¤slund-Hadley, Emma},
	title = {3000 profesores comparten sus experiencias de aprendizaje remoto COVID-19},
	year ={2020},
	howpublished={\url{https://blogs.iadb.org/educacion/es/docentescovid/}},
	note = {Accesado: 2021-03-01}
}

@misc{detags,
	author = {Robles, Blanca},
	title = {AplicaciÃ³n sobre precios agrÃ­colas se expande al paÃ­s},
	year ={2018},
	howpublished={\url{https://www.debate.com.mx/losmochis/detag-aplicacion-monitoreo-de-precios-mercados-agricolas-20180225-0092.html}},
	note = {Accesado: 2021-05-12}
}